@article{ref1,
  title = {Bound states in the continuum},
  author = {Stillinger, Frank H. and Herrick, David R.},
  journal = {Phys. Rev. A},
  volume = {11},
  issue = {2},
  pages = {446--454},
  numpages = {0},
  year = {1975},
  month = {Feb},
  publisher = {American Physical Society},
  doi = {10.1103/PhysRevA.11.446},
  url = {https://link.aps.org/doi/10.1103/PhysRevA.11.446}
}

@Inbook{ref2,
author="von Neumann, J.
and Wigner, E. P.",
editor="Wightman, Arthur S.",
title="{\"U}ber merkw{\"u}rdige diskrete Eigenwerte",
bookTitle="The Collected Works of Eugene Paul Wigner: Part A: The Scientific Papers",
year="1993",
publisher="Springer Berlin Heidelberg",
address="Berlin, Heidelberg",
pages="291--293",
abstract="Es sind in der quantentheoretischen Literatur mehrfach anschauliche Schl{\"u}sse von der Art gemacht worden, da{\ss} z. B. aus der Tatsache, da{\ss} ein Elektron gen{\"u}gend kinetische Energie hat, um sich aus einem atomaren System (klassisch gerechnet) ins Unendliche zu entfernen, geschlossen wurde, da{\ss} der betreffende Energiewert zum kontinuierlichen Spektrum des genannten Systems geh{\"o}rt. Im folgenden soll gezeigt werden, da{\ss} derartige {\"U}berlegungen mit {\"a}u{\ss}erster Vorsicht zu handhaben sind, denn es kommt h{\"a}ufig ein entgegengesetztes Verhalten vor. Dieser Umstand, da{\ss} ein Elektron auf einer station{\"a}ren Bahn verharrt (Punkteigenwert!), obwohl es Energie genug h{\"a}tte, um sich aus dem Anziehungsbereich des ihn umgebenden Systems zu befreien, ist nur scheinbar paradox. Wir werden uns an zwei verschiedenen Beispielen klar machen, da{\ss} dieses Ph{\"a}nomen zwei ganz verschiedene Ursachen haben kann --- aber in beiden F{\"a}llen bis zu einem gewissen Grade anschaulich deutbar ist.",
isbn="978-3-662-02781-3",
doi="10.1007/978-3-662-02781-3_19",
url="https://doi.org/10.1007/978-3-662-02781-3_19"
}

