@inproceedings{Smith:2012qr,
  title={L21-norm regularized discriminative feature selection for unsupervised learning},
  author={Yi Yang, Heng Tao Shen, Zhigang Ma, Zi Huang, and Xiaofang Zhou},
  booktitle={International Joint Conference on Artificial Intelligence},
  pages={1589-1594},
  year={2011}
}
@inproceedings{Smith:2013jd,
  title={Unsupervised feature selection using nonnegative spectral analysis},
  author={Zechao Li, Yi Yang, Jing Liu, Xiaofang Zhou, and Hanqing Lu},
  booktitle={AAAI Conference on Artificial Intelligence},
  pages={1026-1032},
  year={2012}
}
